@Misc{oeisA051125,
  author = {N. J. A. Sloane},
  editor = {The {O}n-{L}ine {E}ncyclopedia of {I}nteger {S}equences},
  title = {A051125: Table T(n,k) = max{n,k} read by antidiagonals (n >= 1, k >= 1).},
  url = {https://oeis.org/A051125/},
}
@Misc{oeisA181983,
  author = {Michael Somos},
  editor = {The {O}n-{L}ine {E}ncyclopedia of {I}nteger {S}equences},
  title = {A181983: a(n) = (-1)^(n+1) * n.},
  url = {https://oeis.org/A181983/},
  month = {abr},
  year = {2012},
}
@Misc{oeisA161124,
  author = {Emeric Deutsch},
  editor = {The {O}n-{L}ine {E}ncyclopedia of {I}nteger {S}equences},
  title = {A161124: Number of inversions in all fixed-point-free involutions of {1,2,...,2n}.},
  url = {https://oeis.org/A161124/},
  month = {jun},
  year = {2009},
}
@Misc{oeisA001147,
  author = {N. J. A. Sloane},
  editor = {The {O}n-{L}ine {E}ncyclopedia of {I}nteger {S}equences},
  title = {A001147: Double factorial of odd numbers: a(n) = (2*n-1)!! = 1*3*5*...*(2*n-1).},
  url = {https://oeis.org/A001147/},
}
